%% Created for DSN work by Sean Bittner

@article{abbott2008theoretical,
  title={Theoretical neuroscience rising},
  author={Abbott, Larry F},
  journal={Neuron},
  volume={60},
  number={3},
  pages={489--495},
  year={2008},
  publisher={Elsevier}
}

@article{prinz2004similar,
  title={Similar network activity from disparate circuit parameters},
  author={Prinz, Astrid A and Bucher, Dirk and Marder, Eve},
  journal={Nature neuroscience},
  volume={7},
  number={12},
  pages={1345},
  year={2004},
  publisher={Nature Publishing Group}
}

@article{sussillo2014neural,
  title={Neural circuits as computational dynamical systems},
  author={Sussillo, David},
  journal={Current opinion in neurobiology},
  volume={25},
  pages={156--163},
  year={2014},
  publisher={Elsevier}
}

@article{sussillo2013opening,
  title={Opening the black box: low-dimensional dynamics in high-dimensional recurrent neural networks},
  author={Sussillo, David and Barak, Omri},
  journal={Neural computation},
  volume={25},
  number={3},
  pages={626--649},
  year={2013},
  publisher={MIT Press}
}

@article{werbos1990backpropagation,
  title={Backpropagation through time: what it does and how to do it},
  author={Werbos, Paul J},
  journal={Proceedings of the IEEE},
  volume={78},
  number={10},
  pages={1550--1560},
  year={1990},
  publisher={IEEE}
}

@article{sussillo2009generating,
  title={Generating coherent patterns of activity from chaotic neural networks},
  author={Sussillo, David and Abbott, Larry F},
  journal={Neuron},
  volume={63},
  number={4},
  pages={544--557},
  year={2009},
  publisher={Elsevier}
}

@inproceedings{martens2011learning,
  title={Learning recurrent neural networks with hessian-free optimization},
  author={Martens, James and Sutskever, Ilya},
  booktitle={Proceedings of the 28th International Conference on Machine Learning (ICML-11)},
  pages={1033--1040},
  year={2011},
  organization={Citeseer}
}

@article{depasquale2018full,
  title={full-FORCE: A target-based method for training recurrent networks},
  author={DePasquale, Brian and Cueva, Christopher J and Rajan, Kanaka and Abbott, LF and others},
  journal={PloS one},
  volume={13},
  number={2},
  pages={e0191527},
  year={2018},
  publisher={Public Library of Science}
}

@article{mastrogiuseppe2018linking,
  title={Linking Connectivity, Dynamics, and Computations in Low-Rank Recurrent Neural Networks},
  author={Mastrogiuseppe, Francesca and Ostojic, Srdjan},
  journal={Neuron},
  volume={99},
  number={3},
  pages={609--623},
  year={2018},
  publisher={Elsevier}
}

@article{kingma2013auto,
  title={Auto-encoding variational bayes},
  author={Kingma, Diederik P and Welling, Max},
  journal={arXiv preprint arXiv:1312.6114},
  year={2013}
}

@inproceedings{ranganath2014black,
  title={Black box variational inference},
  author={Ranganath, Rajesh and Gerrish, Sean and Blei, David},
  booktitle={Artificial Intelligence and Statistics},
  pages={814--822},
  year={2014}
}

@article{loaiza2017maximum,
  title={Maximum entropy flow networks},
  author={Loaiza-Ganem, Gabriel and Gao, Yuanjun and Cunningham, John P},
  journal={arXiv preprint arXiv:1701.03504},
  year={2017}
}

@article{gelman2013philosophy,
  title={Philosophy and the practice of Bayesian statistics},
  author={Gelman, Andrew and Shalizi, Cosma Rohilla},
  journal={British Journal of Mathematical and Statistical Psychology},
  volume={66},
  number={1},
  pages={8--38},
  year={2013},
  publisher={Wiley Online Library}
}

@article{russo2018motor,
  title={Motor cortex embeds muscle-like commands in an untangled population response},
  author={Russo, Abigail A and Bittner, Sean R and Perkins, Sean M and Seely, Jeffrey S and London, Brian M and Lara, Antonio H and Miri, Andrew and Marshall, Najja J and Kohn, Adam and Jessell, Thomas M and others},
  journal={Neuron},
  volume={97},
  number={4},
  pages={953--966},
  year={2018},
  publisher={Elsevier}
}

@article{dipoppa2018vision,
  title={Vision and locomotion shape the interactions between neuron types in mouse visual cortex},
  author={Dipoppa, Mario and Ranson, Adam and Krumin, Michael and Pachitariu, Marius and Carandini, Matteo and Harris, Kenneth D},
  journal={Neuron},
  volume={98},
  number={3},
  pages={602--615},
  year={2018},
  publisher={Elsevier}
}

@article{bittner2019learning,
  title={Learning exponential families},
  author={Bittner, Sean and Cunningham, John},
  journal={(In Prep)},
  volume={?},
  number={?},
  pages={?--?},
  year={2019},
  publisher={in review}
}

@article{rezende2015variational,
  title={Variational inference with normalizing flows},
  author={Rezende, Danilo Jimenez and Mohamed, Shakir},
  journal={arXiv preprint arXiv:1505.05770},
  year={2015}
}

@article{pfeffer2013inhibition,
  title={Inhibition of inhibition in visual cortex: the logic of connections between molecularly distinct interneurons},
  author={Pfeffer, Carsten K and Xue, Mingshan and He, Miao and Huang, Z Josh and Scanziani, Massimo},
  journal={Nature neuroscience},
  volume={16},
  number={8},
  pages={1068},
  year={2013},
  publisher={Nature Publishing Group}
}

@inproceedings{tran2017hierarchical,
  title={Hierarchical implicit models and likelihood-free variational inference},
  author={Tran, Dustin and Ranganath, Rajesh and Blei, David},
  booktitle={Advances in Neural Information Processing Systems},
  pages={5523--5533},
  year={2017}
}

@book{harris1992dynamic,
  title={Dynamic biological networks: the stomatogastric nervous system},
  author={Harris-Warrick, Ronald M and Marder, Eve and Selverston, Allen I and Moulins, Maurice},
  year={1992},
  publisher={MIT press}
}

@inproceedings{tran2017hierarchical,
  title={Hierarchical implicit models and likelihood-free variational inference},
  author={Tran, Dustin and Ranganath, Rajesh and Blei, David},
  booktitle={Advances in Neural Information Processing Systems},
  pages={5523--5533},
  year={2017}
}

@article{ozeki2009inhibitory,
  title={Inhibitory stabilization of the cortical network underlies visual surround suppression},
  author={Ozeki, Hirofumi and Finn, Ian M and Schaffer, Evan S and Miller, Kenneth D and Ferster, David},
  journal={Neuron},
  volume={62},
  number={4},
  pages={578--592},
  year={2009},
  publisher={Elsevier}
}

@article{russo2018motor,
  title={Motor cortex embeds muscle-like commands in an untangled population response},
  author={Russo, Abigail A and Bittner, Sean R and Perkins, Sean M and Seely, Jeffrey S and London, Brian M and Lara, Antonio H and Miri, Andrew and Marshall, Najja J and Kohn, Adam and Jessell, Thomas M and others},
  journal={Neuron},
  volume={97},
  number={4},
  pages={953--966},
  year={2018},
  publisher={Elsevier}
}

@book{bertsekas2014constrained,
  title={Constrained optimization and Lagrange multiplier methods},
  author={Bertsekas, Dimitri P},
  year={2014},
  publisher={Academic press}
}

@article{wang2018flexible,
  title={Flexible timing by temporal scaling of cortical responses},
  author={Wang, Jing and Narain, Devika and Hosseini, Eghbal A and Jazayeri, Mehrdad},
  journal={Nature neuroscience},
  volume={21},
  number={1},
  pages={102},
  year={2018},
  publisher={Nature Publishing Group}
}

@article{elsayed2017structure,
  title={Structure in neural population recordings: an expected byproduct of simpler phenomena?},
  author={Elsayed, Gamaleldin F and Cunningham, John P},
  journal={Nature neuroscience},
  volume={20},
  number={9},
  pages={1310},
  year={2017},
  publisher={Nature Publishing Group}
}

%% Created for V1 DSN work by Sean Bittner

@article{tsodyks1997paradoxical,
  title={Paradoxical effects of external modulation of inhibitory interneurons},
  author={Tsodyks, Misha V and Skaggs, William E and Sejnowski, Terrence J and McNaughton, Bruce L},
  journal={Journal of neuroscience},
  volume={17},
  number={11},
  pages={4382--4388},
  year={1997},
  publisher={Soc Neuroscience}
}

@article{ozeki2009inhibitory,
  title={Inhibitory stabilization of the cortical network underlies visual surround suppression},
  author={Ozeki, Hirofumi and Finn, Ian M and Schaffer, Evan S and Miller, Kenneth D and Ferster, David},
  journal={Neuron},
  volume={62},
  number={4},
  pages={578--592},
  year={2009},
  publisher={Elsevier}
}

@article{rubin2015stabilized,
  title={The stabilized supralinear network: a unifying circuit motif underlying multi-input integration in sensory cortex},
  author={Rubin, Daniel B and Van Hooser, Stephen D and Miller, Kenneth D},
  journal={Neuron},
  volume={85},
  number={2},
  pages={402--417},
  year={2015},
  publisher={Elsevier}
}

@article{litwin2016inhibitory,
  title={Inhibitory stabilization and visual coding in cortical circuits with multiple interneuron subtypes},
  author={Litwin-Kumar, Ashok and Rosenbaum, Robert and Doiron, Brent},
  journal={Journal of neurophysiology},
  volume={115},
  number={3},
  pages={1399--1409},
  year={2016},
  publisher={American Physiological Society Bethesda, MD}
}

@article{dipoppa2018vision,
  title={Vision and locomotion shape the interactions between neuron types in mouse visual cortex},
  author={Dipoppa, Mario and Ranson, Adam and Krumin, Michael and Pachitariu, Marius and Carandini, Matteo and Harris, Kenneth D},
  journal={Neuron},
  volume={98},
  number={3},
  pages={602--615},
  year={2018},
  publisher={Elsevier}
}

@article{murphy2009balanced,
  title={Balanced amplification: a new mechanism of selective amplification of neural activity patterns},
  author={Murphy, Brendan K and Miller, Kenneth D},
  journal={Neuron},
  volume={61},
  number={4},
  pages={635--648},
  year={2009},
  publisher={Elsevier}
}

@article{pfeffer2013inhibition,
  title={Inhibition of inhibition in visual cortex: the logic of connections between molecularly distinct interneurons},
  author={Pfeffer, Carsten K and Xue, Mingshan and He, Miao and Huang, Z Josh and Scanziani, Massimo},
  journal={Nature neuroscience},
  volume={16},
  number={8},
  pages={1068},
  year={2013},
  publisher={Nature Publishing Group}
}

@article{markram2004interneurons,
  title={Interneurons of the neocortical inhibitory system},
  author={Markram, Henry and Toledo-Rodriguez, Maria and Wang, Yun and Gupta, Anirudh and Silberberg, Gilad and Wu, Caizhi},
  journal={Nature reviews neuroscience},
  volume={5},
  number={10},
  pages={793},
  year={2004},
  publisher={Nature Publishing Group}
}

@article{rudy2011three,
  title={Three groups of interneurons account for nearly 100\% of neocortical GABAergic neurons},
  author={Rudy, Bernardo and Fishell, Gordon and Lee, SooHyun and Hjerling-Leffler, Jens},
  journal={Developmental neurobiology},
  volume={71},
  number={1},
  pages={45--61},
  year={2011},
  publisher={Wiley Online Library}
}

@article{barak2017recurrent,
  title={Recurrent neural networks as versatile tools of neuroscience research},
  author={Barak, Omri},
  journal={Current opinion in neurobiology},
  volume={46},
  pages={1--6},
  year={2017},
  publisher={Elsevier}
}

@article{universality2019Maheswaranathan,
  title={Universality and individuality in neural dynamics across large populations of recurrent networks},
  author={Maheswaranathan, Niru and Williams, Alex H and Golub, Matthew D and Ganguli, Surya and Sussillo, David},
  journal={arXiv preprint arXiv:1907.08549},
  year={2019}
}

@article{doya1993universality,
  title={Universality of fully connected recurrent neural networks},
  author={Doya, Kenji},
  journal={Dept. of Biology, UCSD, Tech. Rep},
  year={1993},
  publisher={Citeseer}
}

@article{duan2018collicular,
  title={Collicular circuits for flexible sensorimotor routing},
  author={Duan, Chunyu A and Pagan, Marino and Piet, Alex T and Kopec, Charles D and Akrami, Athena and Riordan, Alexander J and Erlich, Jeffrey C and Brody, Carlos D},
  journal={bioRxiv},
  pages={245613},
  year={2018},
  publisher={Cold Spring Harbor Laboratory}
}

@article{sompolinsky1988chaos,
  title={Chaos in random neural networks},
  author={Sompolinsky, Haim and Crisanti, Andrea and Sommers, Hans-Jurgen},
  journal={Physical review letters},
  volume={61},
  number={3},
  pages={259},
  year={1988},
  publisher={APS}
}

@article{hopfield1984neurons,
  title={Neurons with graded response have collective computational properties like those of two-state neurons},
  author={Hopfield, John J},
  journal={Proceedings of the national academy of sciences},
  volume={81},
  number={10},
  pages={3088--3092},
  year={1984},
  publisher={National Acad Sciences}
}

@article{gutierrez2013multiple,
  title={Multiple mechanisms switch an electrically coupled, synaptically inhibited neuron between competing rhythmic oscillators},
  author={Gutierrez, Gabrielle J and O’Leary, Timothy and Marder, Eve},
  journal={Neuron},
  volume={77},
  number={5},
  pages={845--858},
  year={2013},
  publisher={Elsevier}
}

