@article{barak2017recurrent,
  title={Recurrent neural networks as versatile tools of neuroscience research},
  author={Barak, Omri},
  journal={Current opinion in neurobiology},
  volume={46},
  pages={1--6},
  year={2017},
  publisher={Elsevier}
}

@article{universality2019Maheswaranathan,
  title={Universality and individuality in neural dynamics across large populations of recurrent networks},
  author={Maheswaranathan, Niru and Williams, Alex H and Golub, Matthew D and Ganguli, Surya and Sussillo, David},
  journal={arXiv preprint arXiv:1907.08549},
  year={2019}
}

@article{doya1993universality,
  title={Universality of fully connected recurrent neural networks},
  author={Doya, Kenji},
  journal={Dept. of Biology, UCSD, Tech. Rep},
  year={1993},
  publisher={Citeseer}
}

@article{duan2018collicular,
  title={Collicular circuits for flexible sensorimotor routing},
  author={Duan, Chunyu A and Pagan, Marino and Piet, Alex T and Kopec, Charles D and Akrami, Athena and Riordan, Alexander J and Erlich, Jeffrey C and Brody, Carlos D},
  journal={bioRxiv},
  pages={245613},
  year={2018},
  publisher={Cold Spring Harbor Laboratory}
}