%% Created for V1 DSN work by Sean Bittner

@article{tsodyks1997paradoxical,
  title={Paradoxical effects of external modulation of inhibitory interneurons},
  author={Tsodyks, Misha V and Skaggs, William E and Sejnowski, Terrence J and McNaughton, Bruce L},
  journal={Journal of neuroscience},
  volume={17},
  number={11},
  pages={4382--4388},
  year={1997},
  publisher={Soc Neuroscience}
}

@article{ozeki2009inhibitory,
  title={Inhibitory stabilization of the cortical network underlies visual surround suppression},
  author={Ozeki, Hirofumi and Finn, Ian M and Schaffer, Evan S and Miller, Kenneth D and Ferster, David},
  journal={Neuron},
  volume={62},
  number={4},
  pages={578--592},
  year={2009},
  publisher={Elsevier}
}

@article{rubin2015stabilized,
  title={The stabilized supralinear network: a unifying circuit motif underlying multi-input integration in sensory cortex},
  author={Rubin, Daniel B and Van Hooser, Stephen D and Miller, Kenneth D},
  journal={Neuron},
  volume={85},
  number={2},
  pages={402--417},
  year={2015},
  publisher={Elsevier}
}

@article{litwin2016inhibitory,
  title={Inhibitory stabilization and visual coding in cortical circuits with multiple interneuron subtypes},
  author={Litwin-Kumar, Ashok and Rosenbaum, Robert and Doiron, Brent},
  journal={Journal of neurophysiology},
  volume={115},
  number={3},
  pages={1399--1409},
  year={2016},
  publisher={American Physiological Society Bethesda, MD}
}

@article{dipoppa2018vision,
  title={Vision and locomotion shape the interactions between neuron types in mouse visual cortex},
  author={Dipoppa, Mario and Ranson, Adam and Krumin, Michael and Pachitariu, Marius and Carandini, Matteo and Harris, Kenneth D},
  journal={Neuron},
  volume={98},
  number={3},
  pages={602--615},
  year={2018},
  publisher={Elsevier}
}

@article{murphy2009balanced,
  title={Balanced amplification: a new mechanism of selective amplification of neural activity patterns},
  author={Murphy, Brendan K and Miller, Kenneth D},
  journal={Neuron},
  volume={61},
  number={4},
  pages={635--648},
  year={2009},
  publisher={Elsevier}
}

@article{pfeffer2013inhibition,
  title={Inhibition of inhibition in visual cortex: the logic of connections between molecularly distinct interneurons},
  author={Pfeffer, Carsten K and Xue, Mingshan and He, Miao and Huang, Z Josh and Scanziani, Massimo},
  journal={Nature neuroscience},
  volume={16},
  number={8},
  pages={1068},
  year={2013},
  publisher={Nature Publishing Group}
}

@article{markram2004interneurons,
  title={Interneurons of the neocortical inhibitory system},
  author={Markram, Henry and Toledo-Rodriguez, Maria and Wang, Yun and Gupta, Anirudh and Silberberg, Gilad and Wu, Caizhi},
  journal={Nature reviews neuroscience},
  volume={5},
  number={10},
  pages={793},
  year={2004},
  publisher={Nature Publishing Group}
}

@article{rudy2011three,
  title={Three groups of interneurons account for nearly 100\% of neocortical GABAergic neurons},
  author={Rudy, Bernardo and Fishell, Gordon and Lee, SooHyun and Hjerling-Leffler, Jens},
  journal={Developmental neurobiology},
  volume={71},
  number={1},
  pages={45--61},
  year={2011},
  publisher={Wiley Online Library}
}

